[gd_scene load_steps=5 format=2]

[ext_resource path="res://Scripts/Player.gd" type="Script" id=1]
[ext_resource path="res://Resources/moss/moss.dae" type="PackedScene" id=2]

[sub_resource type="BoxShape" id=1]

extents = Vector3( 0.438064, 3.29881, 0.798292 )

[sub_resource type="BoxShape" id=2]

extents = Vector3( 1, 1, 1 )

[node name="Player" type="KinematicBody" groups=[
"player",
]]

transform = Transform( 1, 0, 0, 0, 1, 0, 0, 0, 1, 0, 1, 0 )
input_ray_pickable = true
input_capture_on_drag = false
collision_layer = 3
collision_mask = 3
axis_lock_linear_x = false
axis_lock_linear_y = false
axis_lock_linear_z = false
axis_lock_angular_x = false
axis_lock_angular_y = false
axis_lock_angular_z = false
collision/safe_margin = 0.001
script = ExtResource( 1 )
_sections_unfolded = [ "Collision" ]

[node name="CollisionShape" type="CollisionShape" parent="." index="0"]

transform = Transform( 1, 0, 0, 0, 1, 0, 0, 0, 1, 0.104096, 2.29742, 0.208195 )
shape = SubResource( 1 )
disabled = false

[node name="Scene Root" parent="." index="1" instance=ExtResource( 2 )]

transform = Transform( -1, 0, -8.74228e-008, 0, 1, 0, 8.74228e-008, 0, -1, 0, -1, 0 )
_sections_unfolded = [ "Pause", "Transform", "Visibility" ]

[node name="AnimationPlayer" parent="Scene Root" index="1"]

autoplay = "Act_Normal_Idle"
playback_process_mode = 0
next/Act_Fighter_Idle = "Act_Fighter_Idle"
next/Act_Fighter_Walk = "Act_Normal_Idle"
next/Act_High_Five = "Act_Normal_Idle"
next/Act_Kiss_Moss = "Act_Kiss_Moss"
next/Act_Kiss_Roy = "Act_Kiss_Roy"
next/Act_Punch.L = "Act_Fighter_Idle"
next/Act_Punch_Impact.L = "Act_Normal_Idle"
next/Act_Run = "Act_Normal_Idle"
next/Act_Walk = "Act_Normal_Idle"
_sections_unfolded = [ "Playback Options" ]

[node name="PunchArea" type="Area" parent="." index="2"]

editor/display_folded = true
transform = Transform( 0.5, 0, 0, 0, 0.5, 0, 0, 0, 0.5, 0, 3, -2.8 )
input_ray_pickable = false
input_capture_on_drag = false
space_override = 0
gravity_point = false
gravity_distance_scale = 0.0
gravity_vec = Vector3( 0, -1, 0 )
gravity = 9.8
linear_damp = 0.1
angular_damp = 1.0
priority = 0.0
monitoring = true
monitorable = true
collision_layer = 1
collision_mask = 1
audio_bus_override = false
audio_bus_name = "Master"
reverb_bus_enable = false
reverb_bus_name = "Master"
reverb_bus_amount = 0.0
reverb_bus_uniformity = 0.0
_sections_unfolded = [ "Transform" ]

[node name="CollisionShape" type="CollisionShape" parent="PunchArea" index="0"]

shape = SubResource( 2 )
disabled = false

[node name="AttackTimer" type="Timer" parent="PunchArea" index="1"]

process_mode = 0
wait_time = 0.2
one_shot = true
autostart = false

[node name="FollowPoint" type="Position3D" parent="." index="3"]

transform = Transform( 1, 0, 0, 0, 1, 0, 0, 0, 1, 0, 0, 2 )

[node name="AttackedTimer" type="Timer" parent="." index="4"]

process_mode = 0
wait_time = 0.4
one_shot = true
autostart = false

[connection signal="animation_changed" from="Scene Root/AnimationPlayer" to="." method="_on_AnimationPlayer_animation_changed"]

[connection signal="body_entered" from="PunchArea" to="." method="_on_PunchArea_body_entered"]

[connection signal="body_exited" from="PunchArea" to="." method="_on_PunchArea_body_exited"]

[connection signal="timeout" from="PunchArea/AttackTimer" to="." method="_on_AttackTimer_timeout"]

[connection signal="timeout" from="AttackedTimer" to="." method="_on_AttackedTimer_timeout"]


[editable path="Scene Root"]
